%Bilbiograf\'{\i}as

@online{vikingos,
	addendum = "(acc: 25.05.2022)",
	author = "Teresa Guerrero",
	day = "8",
	month = "nov",
	title = "El 'GPS' de los vikingos",
	url = "https://www.elmundo.es/elmundo/2011/11/07/ciencia/1320663197.html",
	year = {2011}
}

@online{espato,
	addendum = "(acc: 25.05.2022)",
	author = "Wikipedia",
	day = "23",
	month = "3",
	title = "Espato de Islandia",
	url = "https://es.wikipedia.org/wiki/Espato_de_Islandia",
	year = {2022}
}

@misc{metro_madrid,
	addendum = "(acc: 25.05.2022)",
	author = "MetroMadrid",
	title = "Metro de Madrid",
	url = {ttps://www.metromadrid.es/es/viaja-en-metro/plano-de-metro-de-madrid}
}

@misc{shakey1, 
	title={Shakey, El Primer Robot Inteligente de la Historia y el abuelo del Coche Autónomo}, 
	url={https://www.eldiario.es/hojaderouter/tecnologia/shakey-robot-inteligencia-artificial-coche-autonomo_1_3466717.html}, 
	journal={ElDiario.es}, 
	author={Sánchez, Cristina}, 
	year={2017}, 
	month={Apr},
	addendum = {(acc: 25.05.2022)}
} 

@misc{shakey2, title={Remembering shakey, the First Intelligent Robot}, url={https://thenewstack.io/remembering-shakey-first-intelligent-robot/}, journal={The New Stack}, author={Cassel, David}, year={2021}, month={Dec},
addendum = {(acc: 25.05.2022)}
} 


@misc{metro_malaga,
	addendum = "(acc: 25.05.2022)",
	author = "Wikipedia",
	title = "Metro de Málaga",
	url = {https://es.wikipedia.org/wiki/Metro_de_M%C3%A1laga}
}


@online{stair,
	addendum = "(acc: 25.05.2022)",
	author = {Universidad de Stanford},
	title = "STAIR",
	url = {http://stair.stanford.edu/index.php}
}

@online{licencia,
	addendum = "(acc: 25.05.2022)",
	author = "Wikipedia",
	day = "18",
	month = "3",
	title = "Licencia permisiva",
	url = {https://es.wikipedia.org/wiki/Licencia_permisiva},
	year = {2022}
}

@online{issue,
	addendum = "(acc: 25.05.2022)",
	author = {Github},
	title = "Maximum subscribers of a topic",
	url = {https://github.com/ros2/rmw\_fastrtps/issues/249}
}
